<?xml version="1.0" encoding="UTF-8"?>
<record xmlns="http://www.loc.gov/MARC21/slim">
   <leader>01759cam a2200313 a 4500</leader>
   <controlfield tag="001">417758</controlfield>
   <controlfield tag="003">NjP</controlfield>
   <controlfield tag="005">20190705140611.0</controlfield>
   <controlfield tag="008">871222s1904    le af    b    000 0dara d</controlfield>
   <datafield tag="024" ind1="7" ind2=" ">
      <subfield code="a">princeton_aco003654</subfield>
      <subfield code="2">local</subfield>
   </datafield>
   <datafield ind1=" " ind2=" " tag="035">
      <subfield code="a">(CStRLIN)NJPG87-B63539</subfield>
   </datafield>
   <datafield ind1=" " ind2=" " tag="035">
      <subfield code="9">ABZ3301TS</subfield>
   </datafield>
   <datafield ind1=" " ind2=" " tag="035">
      <subfield code="a">(NjP)417758</subfield>
   </datafield>
   <datafield ind1=" " ind2=" " tag="040">
      <subfield code="a">NjP</subfield>
      <subfield code="c">PUL</subfield>
      <subfield code="d">PUL</subfield>
   </datafield>
   <datafield ind1=" " ind2=" " tag="049">
      <subfield code="a">PULL</subfield>
   </datafield>
   <datafield ind1=" " ind2=" " tag="035">
      <subfield code="a">(OCoLC)ocm81279144</subfield>
   </datafield>
   <datafield ind1="0" ind2="0" tag="245">
      <subfield code="6">880-01</subfield>
      <subfield code="a">Athar ḥasan li-faqīd al-waṭan :</subfield>
      <subfield code="b">wa-huwa majmūʻ marāthī wa-tābīn wa-tarjamat ḥayāt al-ṭayyib al-dhikr al-khālid al-ism al-muthallath al-raḥmat al-Duktūr Sulaymān Afandī al-Khūrī al-Ḥimṣī /</subfield>
      <subfield code="c">mansūq bi-qalam Rizq Allāh Niʻmat Allāh ʻAbbūd.</subfield>
   </datafield>
   <datafield ind1=" " ind2=" " tag="260">
      <subfield code="6">880-02</subfield>
      <subfield code="a">Bayrūt :</subfield>
      <subfield code="b">al-Maṭbaʻah al-Adabīyah,</subfield>
      <subfield code="c">1904.</subfield>
   </datafield>
   <datafield ind1=" " ind2=" " tag="300">
      <subfield code="a">288 p., [5] leaves of plates :</subfield>
      <subfield code="b">ill. ;</subfield>
      <subfield code="c">21 cm.</subfield>
   </datafield>
   <datafield ind1=" " ind2=" " tag="504">
      <subfield code="a">Includes bibliographical references.</subfield>
   </datafield>
   <datafield ind1="1" ind2="0" tag="600">
      <subfield code="6">880-03</subfield>
      <subfield code="a">Khūrī, Sulaymān,</subfield>
      <subfield code="d">1830-1902.</subfield>
      <subfield code="0">http://id.loc.gov/authorities/names/nr90020027</subfield>
   </datafield>
   <datafield ind1="1" ind2=" " tag="700">
      <subfield code="6">880-04</subfield>
      <subfield code="a">ʻAbbūd, Rizq Allāh Niʻmat Allāh.</subfield>
   </datafield>
   <datafield ind1="0" ind2="0" tag="880">
      <subfield code="6">245-01/r</subfield>
      <subfield code="a">اثر حسن لفقيد الوطن :</subfield>
      <subfield code="b">وهو مجموع مراثي وتابين وترجمة حياة الطيب الذكر الخالد الاسم المثلث الرحمة الدكتور سليمان افندي الخوري الحمصي /</subfield>
      <subfield code="c">منسوق بقلم رزق الله نعمة الله عبود.</subfield>
   </datafield>
   <datafield ind1=" " ind2=" " tag="880">
      <subfield code="6">260-02/r</subfield>
      <subfield code="a">بيروت :</subfield>
      <subfield code="b">المطبعة الادبية،</subfield>
      <subfield code="c">1904.</subfield>
   </datafield>
   <datafield ind1="1" ind2="0" tag="880">
      <subfield code="6">600-03/r</subfield>
      <subfield code="a">خوري، سليمان،</subfield>
      <subfield code="d">1830-1902.</subfield>
   </datafield>
   <datafield ind1="1" ind2=" " tag="880">
      <subfield code="6">700-04/r</subfield>
      <subfield code="a">عبود، رزق الله نعمة الله.</subfield>
   </datafield>
   <datafield ind1="4" ind2=" " tag="856">
      <subfield code="u">http://hdl.handle.net/2027/njp.32101016493791</subfield>
   </datafield>
   <datafield ind1=" " ind2=" " tag="998">
      <subfield code="a">09/18/90</subfield>
      <subfield code="s">9118</subfield>
      <subfield code="n">NjP</subfield>
      <subfield code="w">NJPG87B63539</subfield>
      <subfield code="d">12/22/87</subfield>
      <subfield code="c">JEB</subfield>
      <subfield code="b">JEB</subfield>
      <subfield code="i">900918</subfield>
      <subfield code="l">NJPG</subfield>
   </datafield>
   <datafield ind1=" " ind2=" " tag="994">
      <subfield code="a">C0</subfield>
      <subfield code="b">PUL</subfield>
   </datafield>
   <datafield ind1=" " ind2=" " tag="999">
      <subfield code="a">417758</subfield>
   </datafield>
   <datafield ind1=" " ind2=" " tag="979">
      <subfield code="a">(OCoLC)ocn175793196</subfield>
   </datafield>
   <datafield ind1="0" ind2="0" tag="852">
      <subfield code="0">454959</subfield>
      <subfield code="b">rcppa</subfield>
      <subfield code="t">1</subfield>
      <subfield code="h">DS39.2.K58</subfield>
      <subfield code="i">A83</subfield>
      <subfield code="x">tr fr arab</subfield>
   </datafield>
   <datafield ind1="8" ind2=" " tag="852">
      <subfield code="0">8679706</subfield>
      <subfield code="b">elf1</subfield>
      <subfield code="h">Electronic Resource</subfield>
   </datafield>
   <datafield ind1=" " ind2=" " tag="959">
      <subfield code="a">2000-06-08 00:00:00 -0400</subfield>
   </datafield>
</record>
